@article{borland2007rainbow,
	title={Rainbow color map (still) considered harmful},
	author={Borland, David and Ii, Russell M Taylor},
	journal={IEEE computer graphics and applications},
	volume={27},
	number={2},
	year={2007},
	publisher={IEEE}
}

@article{battersby2016shapes,
  title={Shapes on a plane: evaluating the impact of projection distortion on spatial binning},
  author={Battersby, Sarah E and Strebe, Daniel “daan” and Finn, Michael P},
  journal={Cartography and Geographic Information Science},
  pages={1--12},
  year={2016},
  publisher={Taylor \& Francis}
}

@inproceedings{correll2011visualizing,
	title={Visualizing virus population variability from next generation sequencing data},
	author={Correll, Michael and Ghosh, Subhadip and O'Connor, David and Gleicher, Michael},
	booktitle={Biological Data Visualization (BioVis), 2011 IEEE Symposium on},
	pages={135--142},
	year={2011},
	organization={IEEE}
}

@article{correll2015layercake,
	title={LayerCake: a tool for the visual comparison of viral deep sequencing data},
	author={Correll, Michael and Bailey, Adam L and Sarikaya, Alper and O’Connor, David H and Gleicher, Michael},
	journal={Bioinformatics},
	pages={btv407},
	year={2015},
	publisher={Oxford Univ Press}
}

@article{cox2013visualizing,
	title={Visualizing uncertainty in predicted hurricane tracks},
	author={Cox, Jonathan and Lindell, Michael},
	journal={International Journal for Uncertainty Quantification},
	volume={3},
	number={2},
	year={2013},
	publisher={Begel House Inc.}
}

@inproceedings{hullman2016evaluating,
	title={Why Evaluating Uncertainty Visualization is Error Prone},
	author={Hullman, Jessica},
	booktitle={Proceedings of the Beyond Time and Errors on Novel Evaluation Methods for Visualization},
	pages={143--151},
	year={2016},
	organization={ACM}
}

@article{maceachren2012visual,
	title={Visual semiotics \& uncertainty visualization: An empirical study},
	author={MacEachren, Alan M and Roth, Robert E and O'Brien, James and Li, Bonan and Swingley, Derek and Gahegan, Mark},
	journal={IEEE Transactions on Visualization and Computer Graphics},
	volume={18},
	number={12},
	pages={2496--2505},
	year={2012},
	publisher={IEEE}
}

@article{padilla2017evaluating,
	title={Evaluating the Impact of Binning 2D Scalar Fields},
	author={Padilla, Lace and Quinan, P Samuel and Meyer, Miriah and Creem-Regehr, Sarah H},
	journal={IEEE Transactions on Visualization and Computer Graphics},
	volume={23},
	number={1},
	pages={431--440},
	year={2017},
	publisher={IEEE}
}

@techreport{rahman2016ve,
	title={I’ve seen enough: Incrementally improving visualizations to support rapid decision making},
	author={Rahman, Sajjadur and Aliakbarpour, Maryam and Kong, Ha Kyung and Blais, Eric and Karahalios, Karrie and Parameswaran, Aditya and Rubinfeld, R},
	year={2016},
	institution={Technical Report}
}

@inproceedings{rogowitz2001blair,
	title={The" Which Blair Project": a quick visual method for evaluating perceptual color maps},
	author={Rogowitz, Bernice E and Kalvin, Alan D},
	booktitle={Visualization, 2001. VIS'01. Proceedings},
	pages={183--556},
	year={2001},
	organization={IEEE}
}

@inproceedings{stone2014engineering,
	title={An engineering model for color difference as a function of size},
	author={Stone, Maureen and Szafir, Danielle Albers and Setlur, Vidya},
	booktitle={Color and Imaging Conference},
	volume={2014},
	number={2014},
	pages={253--258},
	year={2014},
	organization={Society for Imaging Science and Technology}
}

@inproceedings{szafir2014adapting,
	title={Adapting color difference for design},
	author={Szafir, Danielle Albers and Stone, Maureen and Gleicher, Michael},
	booktitle={Color and Imaging Conference},
	volume={2014},
	number={2014},
	pages={228--233},
	year={2014},
	organization={Society for Imaging Science and Technology}
}

@article{wickham2013bin,
	title={Bin-summarise-smooth: a framework for visualising large data},
	author={Wickham, Hadley},
	journal={had. co. nz, Tech. Rep},
	year={2013}
}

@article{zgraggen2016progressive,
	title={How Progressive Visualizations Affect Exploratory Analysis},
	author={Zgraggen, Emanuel and Galakatos, Alex and Crotty, Andrew and Fekete, Jean-Daniel and Kraska, Tim},
	journal={IEEE Transactions on Visualization and Computer Graphics},
	year={2016},
	publisher={IEEE}
}
